@inproceedings{kao2017assembly,
  title={Assembly-aware design of masonry shell structures: a computational approach},
  author={Kao, Gene TC and K{\"o}rner, Axel and Sonntag, Daniel and Nguyen, Long and Menges, Achim and Knippers, Jan},
  booktitle={Proceedings of IASS Annual Symposia},
  volume={2017},
  number={23},
  pages={1--10},
  year={2017},
  organization={International Association for Shell and Spatial Structures (IASS)}
}