@phdthesis{whiting2012design,
  title={Design of structurally-sound masonry buildings using 3d static analysis},
  author={Whiting, Emily Jing Wei},
  year={2012},
  school={Massachusetts Institute of Technology}
}

@article{whiting:2012,
  author    = {Emily Whiting and Hijung Shin and Robert Wang and John Ochsendorf and Fr{\'e}do Durand},
  title     = {Structural Optimization of 3D Masonry Buildings},
  journal   = {ACM Transactions on Graphics},
  volume    = {31},
  number    = {6},
  year      = {2012},
  pages     = {159:1--159:11},
}

@article{whiting:2009,
  author    = {Emily Whiting and John Ochsendorf and Fr{\'e}do Durand},
  title     = {Procedural Modeling of Structurally-Sound Masonry Buildings},
  journal   = {ACM Transactions on Graphics},
  volume    = {28},
  number    = {5},
  year      = {2009},
  pages     = {112},
}

@incollection{frick2015decomposing,
  title={Decomposing three-dimensional shapes into self-supporting, discrete-element assemblies},
  author={Frick, Ursula and Van Mele, Tom and Block, Philippe},
  booktitle={Modelling Behaviour},
  pages={187--201},
  year={2015},
  publisher={Springer}
}

@inproceedings{kao2017assembly,
  title={Assembly-aware design of masonry shell structures: a computational approach},
  author={Kao, Gene TC and K{\"o}rner, Axel and Sonntag, Daniel and Nguyen, Long and Menges, Achim and Knippers, Jan},
  booktitle={Proceedings of IASS Annual Symposia},
  volume={2017},
  number={23},
  pages={1--10},
  year={2017},
  organization={International Association for Shell and Spatial Structures (IASS)}
}